@Article{OReilly2005,
  author  = {O'Reilly, Tim},
  journal = {O'Reilly Media},
  title   = {What Is Web 2.0: Design Patterns and Business Models for the Next Generation of Software},
  year    = {2005},
}

@Article{Anderson2007,
  author  = {Anderson, Paul},
  journal = {JISC Technology and Standards Watch},
  title   = {What is Web 2.0? Ideas, technologies and implications for education},
  year    = {2007},
}

@Article{Tapscott2008,
  author  = {Tapscott, Don, and Anthony D. Williams.},
  journal = {Portfolio},
  title   = {Wikinomics: How Mass Collaboration Changes Everything},
  year    = {2008},
}

@Article{Shirky2008,
  author  = {Shirky, Clay},
  journal = {Penguin Books},
  title   = {Here Comes Everybody: The Power of Organizing Without Organizations},
  year    = {2008},
}

@Article{McAfee2009,
  author  = {McAfee, Andrew.},
  journal = {Harvard Business Review Press},
  title   = {Enterprise 2.0: New Collaborative Tools for Your Organization's Toughest Challenges},
  year    = {2009},
}

@Article{BernersLee1999,
  author = {Berners-Lee, T},
  title  = {Weaving the Web: The Original Design and Ultimate Destiny of the World Wide Web},
  year   = {1999},
}

@Comment{jabref-meta: databaseType:bibtex;}
